@BOOK{Munson2004-tl,
  title    = "Fundamentos da mec{\^a}nica dos fluidos",
  author   = "Munson, Bruce Roy and Young, Donald F and Okiishi, Theodore Hisao",
  abstract = "Sum{\'a}rio - Introdu{\c c}{\~a}o; Est{\'a}tica dos Fluidos;
              Din{\^a}mica dos Fluidos Elementar -Equa{\c c}{\~a}o de
              Bernoulli; Cinem{\'a}tica dos Fluidos; An{\'a}lise com Volumes de
              Controle Finitos; An{\'a}lise Diferencial dos Escoamentos;
              Semelhan{\c c}a, An{\'a}lise Dimensional e Modelos; Escoamento
              Viscoso em Condutos; Escoamento Sobre Corpos Imersos; Escoamentos
              em Canal Aberto; Escoamento Compress{\'\i}vel; M{\'a}quinas de
              Fluxo.",
  year     =  2004,
  language = "pt"
}

@book{araujo,
  author    = {Ara{\'u}jo, Camila Pacelly Brand{\~a}o de},
  title     = {Mec{\^a}nica dos fluidos: uma abordagem voltada ao ensino e aprendizagem em n{\'i}vel universit{\'a}rio},
  publisher = {EDUFRN},
  year      = {2022},
  address   = {Natal, RN},
  edition   = {1},
  isbn      = {978-65-5569-274-7},
  url       = {http://repositorio.ufrn.br},
  note      = {Recurso eletr{\^o}nico (1 arquivo : 30 Mb)},
  language  = {portuguese},
  pagetotal = {285}
}

@book{moyses,
	author = {Nussenzveig, H. Moysés (Herch Moyses), 1933- },
	title = {Curso de física básica, 2 : fluídos, oscilações e ondas, calor},
	publisher = {Edgard Blücher},
	year = {2006},
	address = {São Paulo},
	edition = {4.ed.},
	note = {Inclui bibliografia e índice}
}