@inbook{Nussenzveig_2014, edition={5}, title={Curso De Física Básica Fluidos, Oscilações E Ondas, Calor (Volume 2)}, author={Nussenzveig, H. Moysés}, year={2014}, publisher = { Editora Edgard Blücher Ltda}, chapter={5, 6} }

@article{santos2017descobertas,
  title={Descobertas sobre a teoria do som: a hist{\'o}ria dos padr{\~o}es de Chladni e sua contribui{\c{c}}{\~a}o para o campo da ac{\'u}stica},
  author={Santos, Robert Sim{\~a}o dos and Camargo, Paulo S{\'e}rgio de and Rocha, Zenaide de F{\'a}tima Dante Correia},
  journal={Revista Brasileira de Ensino de F{\'\i}sica},
  volume={40},
  year={2017},
  publisher={SciELO Brasil}
}

@article{Rijke_1859, title={LXXI. notice of a new method of causing a vibration of the air contained in a tube open at both ends}, volume={17}, number={116}, journal={The London, Edinburgh, and Dublin Philosophical Magazine and Journal of Science}, author={Rijke, P. L.}, year={1859}, month={Jun}, pages={419–422}} 

@article{sarpotdar2003rijke,
  title={The Rijke tube--a thermo-acoustic device},
  author={Sarpotdar, Shekhar M and Ananthkrishnan, Narayan and Sharma, SD},
  journal={Resonance},
  volume={8},
  number={1},
  pages={59--71},
  year={2003},
  publisher={Springer India, in co-publication with Indian Academy of Sciences}
}


@book{inbook0dd942e5,
title   = {O experimento de Pitágoras com o monocórdio: uma abordagem histórico-didática},
author = {Abdounur, Oscar João},
year = {2020},
doi = {10.22533/at.ed.8382020084},
publisher = {Atena},
journal   = {Educação : atualidade e capacidade de transformação do conhecimento gerado}
}
