@inbook{Nussenzveig_2014, edition={5}, title={Curso De Física Básica Fluidos, Oscilações E Ondas, Calor}, author={Nussenzveig, H. Moysés}, year={2014}, publisher = { Editora Edgard Blücher Ltda}, volume={2}, chapter={7, 9, 11} }

@misc{Gaussiana,
  author = {Alexandre Suaide},
  title = {steam engine},
  note = {Last accessed 29 June 2025},
  howpublished = {\url{http://sampa.if.usp.br/~suaide/blog/?e=245}}
}
