@inbook{Nussenzveig_2014, edition={5}, title={Curso De Física Básica Fluidos, Oscilações E Ondas, Calor (Volume 2)}, author={Nussenzveig, H. Moysés}, year={2014}, publisher = { Editora Edgard Blücher Ltda}, chapter={7, 9} }

@misc{evaporacao,
	author = {},
	title = {InTeGrate Modules and Courses},
	year = {2018},
        month={Jan},
	note = {{Last accessed 31 May 2025}},
        howpublished = {\url{https://serc.carleton.edu/196548}},
}
@inbook{Gravesande_Desaguliers_Adams_1747,
        place={London},
        title={Mathematical elements of natural philosophy, confirm’d by experiments: Or, an introduction to sir Isaac Newton’s philosophy},
        publisher={Printed for W. Innys, T. Longman and T. Shewell, C. Hitch ..., and M. Senex ..},
        author={Gravesande, Willem Jacob ’s and Desaguliers, J. T. and Adams, John},
        volume = {2},
        pages = {67},
        year={1747}} 