@misc{alberts_johnson_2025, title={Visualizing Molecules in Living Cells}, url={https://www.ncbi.nlm.nih.gov/books/NBK26893/}, journal={Nih.gov}, publisher={Garland Science}, author={Alberts, Bruce and Johnson, Alexander and Lewis, Julian and Raff, Martin and Roberts, Keith and Walter, Peter}, year={2025} } 

@article{hernández-pinzón_2012, title={The Tnt1 Retrotransposon Escapes Silencing in Tobacco, Its Natural Host}, volume={7}, url={https://journals.plos.org/plosone/article?id=10.1371/journal.pone.0033816}, DOI={https://doi.org/10.1371/journal.pone.0033816}, number={3}, journal={PLoS ONE}, publisher={Public Library of Science (PLoS)}, author={Hernández-Pinzón, Inmaculada and Cifuentes, Marta and Hénaff, Elizabeth and Santiago, Néstor and Espinás, M. Lluïsa and Casacuberta, Josep M.}, editor={Meyer, Peter}, year={2012}, month={Mar}, pages={e33816} } 

@article{jeremy_jackson_2009, title={The discovery and development of the green fluorescent protein, GFP}, volume={38}, url={https://pubmed.ncbi.nlm.nih.gov/19771328/}, DOI={https://doi.org/10.1039/b917331p}, number={10}, journal={Chemical Society Reviews}, publisher={Royal Society of Chemistry}, author={Jeremy and Jackson, Sophie E}, year={2009}, month={Jan}, pages={2821–2821} } 

@article{ruiz_silhavy_2022, title={How Escherichia coli Became the Flagship Bacterium of Molecular Biology}, volume={204}, url={https://pubmed.ncbi.nlm.nih.gov/35916528/}, DOI={https://doi.org/10.1128/jb.00230-22}, number={9}, journal={Journal of Bacteriology}, publisher={American Society for Microbiology}, author={Ruiz, Natividad and Silhavy, Thomas J.}, editor={O’Toole, George}, year={2022}, month={Sep} } 

@article{teófilo_gallão_2019, title={História e Filosofia da Ciência no ensino de Biologia Celular}, volume={25}, url={https://www.scielo.br/j/ciedu/a/GsYDtXQGGLfq5tTzHj98cdD/}, DOI={https://doi.org/10.1590/1516-731320190030012}, number={3}, journal={Ciência & Educação (Bauru)}, publisher={FapUNIFESP (SciELO)}, author={Teófilo, Francisco Breno Silva and Gallão, Maria Izabel}, year={2019}, month={Sep}, pages={783–801} } 

@misc{embrapa2017manual,
	title = {Manual de transformação genética de plantas},
	url = {https://www.embrapa.br/busca-de-publicacoes/-/publicacao/1024323/manual-de-transformacao-genetica-de-plantas},
	journal = {Embrapa.br},
	year = {2017},
	note = {Acessado em: 3 mai. 2025}
}

@book{BriefyHistoryOfGenetics, url={https://www.cambridgescholars.com/resources/pdfs/978-1-5275-5885-4-sample.pdf} }

@book{biologia_celular, url={https://antigo.uab.ufsc.br/biologia//files/2020/08/Biologia-Celular.pdf} }

@article{misteli_spector_1997, title={Applications of the green fluorescent protein in cell biology and biotechnology}, volume={15}, url={https://pubmed.ncbi.nlm.nih.gov/9335045/}, DOI={https://doi.org/10.1038/nbt1097-961}, number={10}, journal={Nature Biotechnology}, publisher={Nature Portfolio}, author={Misteli, Tom and Spector, David L}, year={1997}, month={Oct}, pages={961–964} }

‌