@article{barros2023oscilador,
	title = {Oscilador harmônico simples, série e transformada de Fourier e operador de Sturm-Liouville: uma breve discussão},
	author = {Barros, Lucas dos S. and Cavalcante, Marcos and Soledade, Paulo and Sbrissa, David A. and Siqueira, Marcelo},
	journal = {Revista Brasileira de Ensino de Física},
	volume = {45},
	pages = {e20230046},
	year = {2023},
	publisher = {SciELO Brasil}
}

@misc{libretexts76Quantum,
	author = {{LibreTexts Physics}},
	title = {7.6: The Quantum Harmonic Oscillator},
	howpublished = {\url{https://phys.libretexts.org/Bookshelves/University_Physics/University_Physics_(OpenStax)/University_Physics_III_-_Optics_and_Modern_Physics_(OpenStax)/07%3A_Quantum_Mechanics/7.06%3A_The_Quantum_Harmonic_Oscillator}},
	year = {n.d.},
	note = {Acessado em 10 de maio de 2025}
}

@article{wilberforceRef,
	title = {Wilberforce pendulum oscillations and normal modes},
	author = {Berg, Richard E. and Marshall, Todd S.},
	journal = {Lecture-Demonstration Facility, Department of Physics and Astronomy, University of Maryland},
	year = {1990},
	note = {College Park, Maryland 20742}
}

@book{Nussenzveig_2014,
	title = {Curso de Física Básica: Fluidos, Oscilações e Ondas, Calor},
	author = {Nussenzveig, H. Moysés},
	edition = {5},
	year = {2014},
	publisher = {Editora Edgard Blücher},
	volume = {2}
}

