@book{meneses2018,
  author = {MENESES, J. N.},
  title = {Princípios de Hidrostática},
  edition = {2},
  location = {São Paulo},
  publisher = {Editora XYZ},
  year = {2018}
}

@book{nussenzveig2014,
  author = {NUSSENZVEIG, H. M.},
  title = {Curso de Física Básica: Fluidos, Oscilações e Ondas, Calor},
  edition = {5},
  location = {São Paulo},
  publisher = {Blucher},
  year = {2014}
}

@book{thompson2008,
  author = {THOMPSON, S. P.},
  title = {The Life of William Thomson, Baron Kelvin of Largs},
  location = {Cambridge},
  publisher = {Cambridge University Press},
  year = {2008}
}
