@inbook{Nussenzveig_2014, edition={5}, title={Curso De Física Básica Fluidos, Oscilações E Ondas, Calor}, author={Nussenzveig, H. Moysés}, year={2014}, publisher = { Editora Edgard Blücher Ltda}, volume={2}, chapter={9, 10} }

@book{FisicaEM,
  author = {Francisco R. Júnior AND Nicolau G. Ferraro AND Paulo A. de T. Soares},
  year = {2015},
  title = {Os fundamentos da física},
  publisher = {Moderna},
  address = {São Paulo},
  edition = {11},
  volume = {2},
  note={Parte 1}
}

@book{HistoriaEM,
  author = {Alexandre Alves AND Letícia F. de Oliveira},
  year = {2015},
  title = {Conexões com a história, volume único},
  publisher = {Moderna},
  address = {São Paulo},
  edition = {2},
  note={Parte 2}
}

@misc{Enciclopedia,
  author = {Encyclopaedia Britannica},
  title = {steam engine},
  note = {Last accessed 7 June 2025},
  howpublished = {\url{https://www.britannica.com/technology/steam-engine}}
}

@article{lopes2022motor,
  title={O motor Stirling: passado e presente.},
  author={Lopes, Joao Marcelo Pedra},
  year={2022}
}

@misc{Nasa,
  author = {Tom Benson},
  title = {Rocket Principles},
  note = {Last accessed 7 June 2025},
  howpublished = {\url{https://www.grc.nasa.gov/www/k-12/rocket/TRCRocket/rocket_principles.html}}
}

@online{galante_2017, 
title={Submarino sueco classe “Gotland” pronto para novo motor AIP - Poder Naval}, 
url={https://www.naval.com.br/blog/2017/03/06/submarino-sueco-classe-gotland-pronto-para-novo-motor-aip/}, 
urldate= {2025-06-09},
journal={Poder Naval}, 
author={Galante, Alexandre}, 
year={2017},
month={mar} }

@online{CicloDeStirling,
  author  = {Schulz, Daniel},
  title   = {O ciclo de Stirling},
  website = {Instituto de Física - UFRGS},
  year    = {2009},
  url     = {https://www.if.ufrgs.br/~dschulz/web/ciclo_stirling.htm},
  urldate = {2025-06-09}
}
