@article{RFLPgraca2012,
  title={Development and validation of PCR-based assays for diagnosis of American cutaneous leishmaniasis and identificatio nof the parasite species},
  author={Gra{\c{c}}a, Grazielle Cardoso da and Volpini, Angela Cristina and Romero, Gustavo Adolfo Sierra and Oliveira Neto, Manoel Paes de and Hueb, Marcia and Porrozzi, Renato and Boit{\'e}, Mariana C{\^o}rtes and Cupolillo, Elisa},
  journal={Mem{\'o}rias do Instituto Oswaldo Cruz},
  volume={107},
  pages={664--674},
  year={2012},
  publisher={SciELO Brasil}
}

@article{hong2020one,
  title={One health approach to leishmaniases: understanding the disease dynamics through diagnostic tools},
  author={Hong, Ahyun and Zampieri, Ricardo Andrade and Shaw, Jeffrey Jon and Floeter-Winter, Lucile Maria and Laranjeira-Silva, Maria Fernanda},
  journal={Pathogens},
  volume={9},
  number={10},
  pages={809},
  year={2020},
  publisher={MDPI}
}

@article{HRMzampi2016,
  title={High resolution melting analysis targeting hsp70 as a fast and efficient method for the discrimination of Leishmania species},
  author={Zampieri, Ricardo Andrade and Laranjeira-Silva, Maria Fernanda and Muxel, Sandra Marcia and Stocco de Lima, Ana Carolina and Shaw, Jeffrey Jon and Floeter-Winter, Lucile Maria},
  journal={PLoS neglected tropical diseases},
  volume={10},
  number={2},
  pages={e0004485},
  year={2016},
  publisher={Public Library of Science San Francisco, CA USA}
}

@article{SODEmiller1988,
  title={A simple salting out procedure for extracting DNA from human nucleated cells},
  author={MWer, S and Dykes, D and Polesky, H},
  journal={Nucleic acids res},
  volume={16},
  number={3},
  pages={1215},
  year={1988},
  publisher={Citeseer}
}

